@ARTICLE{1965ApJ...142..531F,
       author = {{Field}, George B.},
        title = "{Thermal Instability.}",
      journal = {ApJ},
         year = 1965,
        month = aug,
       volume = {142},
        pages = {531},
          doi = {10.1086/148317},
       adsurl = {https://ui.adsabs.harvard.edu/abs/1965ApJ...142..531F},
      adsnote = {Provided by the SAO/NASA Astrophysics Data System}
}